
@article{chen2020temporal,
  title={Temporal evolution characteristics of PM2. 5 concentration based on continuous wavelet transform},
  author={Chen, Xiaobing and Yin, Lirong and Fan, Yulin and Song, Lihong and Ji, Tingting and Liu, Yan and Tian, Jiawei and Zheng, Wenfeng},
  journal={Science of The Total Environment},
  volume={699},
  pages={134244},
  year={2020},
  publisher={Elsevier}
}

@inproceedings{ni2019semantic,
  title={Semantic representation for visual reasoning},
  author={Ni, Xubin and Yin, Lirong and Chen, Xiaobing and Liu, Shan and Yang, Bo and Zheng, Wenfeng},
  booktitle={MATEC Web of Conferences},
  volume={277},
  year={2019},
  organization={EDP Sciences}
}

@inproceedings{ding2019multi,
  title={Multi-scale Relation Network for Few-Shot Learning Based on Meta-learning},
  author={Ding, Yueming and Tian, Xia and Yin, Lirong and Chen, Xiaobing and Liu, Shan and Yang, Bo and Zheng, Wenfeng},
  booktitle={International Conference on Computer Vision Systems},
  pages={343--352},
  year={2019},
  organization={Springer}
}
