

#medical VQA-begin
@inproceedings{hasan2018overview,
  title={Overview of the ImageCLEF 2018 medical domain visual question answering task},
  author={Hasan, Sadid A and Ling, Yuan and Farri, Oladimeji and Liu, Joey and Lungren, M and M{\"u}ller, H},
  booktitle={CLEF2018 Working Notes. CEUR Workshop Proceedings, CEUR-WS. org< http://ceurws. org>, Avignon, France (September 10-14 2018)},
  year={2018}
}
#medical VQA-end

#finetune-begin
@inproceedings{wu2016value,
  title={What value do explicit high level concepts have in vision to language problems?},
  author={Wu, Qi and Shen, Chunhua and Liu, Lingqiao and Dick, Anthony and van den Hengel, Anton},
  booktitle={Proceedings of the IEEE conference on computer vision and pattern recognition},
  pages={203--212},  
  year={2016}
}

@inproceedings{oquab2014learning,
  title={Learning and transferring mid-level image representations using convolutional neural networks},
  author={Oquab, Maxime and Bottou, Leon and Laptev, Ivan and Sivic, Josef},
  booktitle={Proceedings of the IEEE conference on computer vision and pattern recognition},
  pages={1717--1724},
  year={2014}
}

@inproceedings{kafle2016answer,
  title={Answer-type prediction for visual question answering},
  author={Kafle, Kushal and Kanan, Christopher},
  booktitle={Proceedings of the IEEE Conference on Computer Vision and Pattern Recognition},
  pages={4976--4984},
  year={2016}
}

@article{teney2017graph,
  title={Graph-structured representations for visual question answering},
  author={Teney, Damien and Liu, Lingqiao and van den Hengel, Anton},
  journal={arXiv preprint},
  year={2017}
}

#finetune-end

#attention-begin
#2017 best
@inproceedings{anderson2018bottom,
  title={Bottom-up and top-down attention for image captioning and visual question answering},
  author={Anderson, Peter and He, Xiaodong and Buehler, Chris and Teney, Damien and Johnson, Mark and Gould, Stephen and Zhang, Lei},
  booktitle={CVPR},
  volume={3},
  number={5},
  pages={6},
  year={2018}
}
#hard attention
@article{malinowski2018learning,
  title={Learning Visual Question Answering by Bootstrapping Hard Attention},
  author={Malinowski, Mateusz and Doersch, Carl and Santoro, Adam and Battaglia, Peter},
  journal={arXiv preprint arXiv:1808.00300},
  year={2018}
}
#DMN
@inproceedings{kumar2016ask,
  title={Ask me anything: Dynamic memory networks for natural language processing},
  author={Kumar, Ankit and Irsoy, Ozan and Ondruska, Peter and Iyyer, Mohit and Bradbury, James and Gulrajani, Ishaan and Zhong, Victor and Paulus, Romain and Socher, Richard},
  booktitle={International Conference on Machine Learning},
  pages={1378--1387},
  year={2016}
}

@inproceedings{xiong2016dynamic,
  title={Dynamic memory networks for visual and textual question answering},
  author={Xiong, Caiming and Merity, Stephen and Socher, Richard},
  booktitle={International conference on machine learning},
  pages={2397--2406},
  year={2016}
}
#compositional memory
@article{jiang2015compositional,
  title={Compositional memory for visual question answering},
  author={Jiang, Aiwen and Wang, Fang and Porikli, Fatih and Li, Yi},
  journal={arXiv preprint arXiv:1511.05676},
  year={2015}
}
####
#co-attention
@incollection{NIPS2016_6202,
  title = {Hierarchical Question-Image Co-Attention for Visual Question Answering},
  author = {Lu, Jiasen and Yang, Jianwei and Batra, Dhruv and Parikh, Devi},
  booktitle = {Advances in Neural Information Processing Systems 29},
  editor = {D. D. Lee and M. Sugiyama and U. V. Luxburg and I. Guyon and R. Garnett},
  pages = {289--297},
  year = {2016},
  publisher = {Curran Associates, Inc.},
  url = {http://papers.nips.cc/paper/6202-hierarchical-question-image-co-attention-for-visual-question-answering.pdf}
  }

#2016_winner
@article{ilievski2016focused,
  title={A focused dynamic attention model for visual question answering},
  author={Ilievski, Ilija and Yan, Shuicheng and Feng, Jiashi},
  journal={arXiv preprint arXiv:1604.01485},
  year={2016}
}

@inproceedings{yang2016stacked,
  title={Stacked attention networks for image question answering},
  author={Yang, Zichao and He, Xiaodong and Gao, Jianfeng and Deng, Li and Smola, Alex},
  booktitle={Proceedings of the IEEE Conference on Computer Vision and Pattern Recognition},
  pages={21--29},
  year={2016}
}
#sift
@inproceedings{lowe1999object,
  title={Object recognition from local scale-invariant features},
  author={Lowe, David G},
  booktitle={Proceedings of the seventh IEEE international conference on computer vision},
  volume={2},
  pages={1150--1157},
  year={1999},
  organization={Ieee}
}

#lstm
@article{10.1162/neco.1997.9.8.1735,
author = {Hochreiter, Sepp and Schmidhuber, J\"{u}rgen},
title = {Long Short-Term Memory},
year = {1997},
issue_date = {November 15, 1997},
publisher = {MIT Press},
address = {Cambridge, MA, USA},
volume = {9},
number = {8},
issn = {0899-7667},
url = {https://doi.org/10.1162/neco.1997.9.8.1735},
doi = {10.1162/neco.1997.9.8.1735},
journal = {Neural Comput.},
month = nov,
pages = {1735–1780},
numpages = {46}
}

#hog
@inproceedings{dalal2005histograms,
  title={Histograms of oriented gradients for human detection},
  author={Dalal, Navneet and Triggs, Bill},
  booktitle={2005 IEEE computer society conference on computer vision and pattern recognition (CVPR'05)},
  volume={1},
  pages={886--893},
  year={2005},
  organization={IEEE}
}

@inproceedings{zeiler2014visualizing,
  title={Visualizing and understanding convolutional networks},
  author={Zeiler, Matthew D and Fergus, Rob},
  booktitle={European conference on computer vision},
  pages={818--833},
  year={2014},
  organization={Springer}
}

#Alexnet
@inproceedings{krizhevsky2012imagenet,
  title={Imagenet classification with deep convolutional neural networks},
  author={Krizhevsky, Alex and Sutskever, Ilya and Hinton, Geoffrey E},
  booktitle={Advances in neural information processing systems},
  pages={1097--1105},
  year={2012}
}

@article{lu2018r,
  title={R-VQA: Learning Visual Relation Facts with Semantic Attention for Visual Question Answering},
  author={Lu, Pan and Ji, Lei and Zhang, Wei and Duan, Nan and Zhou, Ming and Wang, Jianyong},
  journal={arXiv preprint arXiv:1805.09701},
  year={2018}
}

@inproceedings{shih2016look,
  title={Where to look: Focus regions for visual question answering},
  author={Shih, Kevin J and Singh, Saurabh and Hoiem, Derek},
  booktitle={Proceedings of the IEEE conference on computer vision and pattern recognition},
  pages={4613--4621},
  year={2016}
}

@inproceedings{yu2017multi,
  title={Multi-level attention networks for visual question answering},
  author={Yu, Dongfei and Fu, Jianlong and Mei, Tao and Rui, Yong},
  booktitle={Computer Vision and Pattern Recognition (CVPR), 2017 IEEE Conference on},
  pages={4187--4195},
  year={2017},
  organization={IEEE}
}
#attention-end

#database-begin
#DAQUAR
@inproceedings{malinowski2014multi,
  title={A multi-world approach to question answering about real-world scenes based on uncertain input},
  author={Malinowski, Mateusz and Fritz, Mario},
  booktitle={Advances in neural information processing systems},
  pages={1682--1690},
  year={2014}
}
#clevr
@inproceedings{johnson2017clevr,
  title={CLEVR: A diagnostic dataset for compositional language and elementary visual reasoning},
  author={Johnson, Justin and Hariharan, Bharath and van der Maaten, Laurens and Fei-Fei, Li and Zitnick, C Lawrence and Girshick, Ross},
  booktitle={Computer Vision and Pattern Recognition (CVPR), 2017 IEEE Conference on},
  pages={1988--1997},
  year={2017},
  organization={IEEE}
}
#VQA-CP
@inproceedings{agrawal2018don,
  title={Don’t just assume; look and answer: Overcoming priors for visual question answering},
  author={Agrawal, Aishwarya and Batra, Dhruv and Parikh, Devi and Kembhavi, Aniruddha},
  booktitle={Proceedings of the IEEE Conference on Computer Vision and Pattern Recognition},
  pages={4971--4980},
  year={2018}
}
#FM-IQA
@incollection{NIPS2015_5641,
  title = {Are You Talking to a Machine? Dataset and Methods for Multilingual Image Question},
  author = {Gao, Haoyuan and Mao, Junhua and Zhou, Jie and Huang, Zhiheng and Wang, Lei and Xu, Wei},
  booktitle = {Advances in Neural Information Processing Systems 28},
  editor = {C. Cortes and N. D. Lawrence and D. D. Lee and M. Sugiyama and R. Garnett},
  pages = {2296--2304},
  year = {2015},
  publisher = {Curran Associates, Inc.},
  url = {http://papers.nips.cc/paper/5641-are-you-talking-to-a-machine-dataset-and-methods-for-multilingual-image-question.pdf}
}

#SHAPES
@article{andreas2015deep,
  title={Deep compositional question answering with neural module networks. arXiv preprint},
  author={Andreas, Jacob and Rohrbach, Marcus and Darrell, Trevor and Klein, Dan},
  journal={arXiv preprint arXiv:1511.02799},
  volume={2},
  year={2015}
}
#Visual7w
@inproceedings{zhu2016visual7w,
  title={Visual7w: Grounded question answering in images},
  author={Zhu, Yuke and Groth, Oliver and Bernstein, Michael and Fei-Fei, Li},
  booktitle={Proceedings of the IEEE Conference on Computer Vision and Pattern Recognition},
  pages={4995--5004},
  year={2016}
}
#Visual Genome
@article{krishna2017visual,
  title={Visual genome: Connecting language and vision using crowdsourced dense image annotations},
  author={Krishna, Ranjay and Zhu, Yuke and Groth, Oliver and Johnson, Justin and Hata, Kenji and Kravitz, Joshua and Chen, Stephanie and Kalantidis, Yannis and Li, Li-Jia and Shamma, David A and others},
  journal={International Journal of Computer Vision},
  volume={123},
  number={1},
  pages={32--73},
  year={2017},
  publisher={Springer}
}
#Toronto COCO-QA
@inproceedings{ren2015exploring,
  title={Exploring models and data for image question answering},
  author={Ren, Mengye and Kiros, Ryan and Zemel, Richard},
  booktitle={Advances in neural information processing systems},
  pages={2953--2961},
  year={2015}
}
#VQA2.0
@inproceedings{goyal2017making,
  title={Making the V in VQA matter: Elevating the role of image understanding in Visual Question Answering},
  author={Goyal, Yash and Khot, Tejas and Summers-Stay, Douglas and Batra, Dhruv and Parikh, Devi},
  booktitle={CVPR},
  volume={1},
  number={2},
  pages={3},
  year={2017}
}

@inproceedings{kembhavi2017you,
  title={Are You Smarter Than a Sixth Grader? Textbook Question Answering for Multimodal Machine Comprehension.},
  author={Kembhavi, Aniruddha and Seo, Min Joon and Schwenk, Dustin and Choi, Jonghyun and Farhadi, Ali and Hajishirzi, Hannaneh},
  booktitle={CVPR},
  volume={2},
  pages={3},
  year={2017}
}

@inproceedings{tapaswi2016movieqa,
  title={Movieqa: Understanding stories in movies through question-answering},
  author={Tapaswi, Makarand and Zhu, Yukun and Stiefelhagen, Rainer and Torralba, Antonio and Urtasun, Raquel and Fidler, Sanja},
  booktitle={Proceedings of the IEEE conference on computer vision and pattern recognition},
  pages={4631--4640},
  year={2016}
}
#database-end

#knowledge_base-begin
@article{zhu2015building,
  title={Building a large-scale multimodal knowledge base system for answering visual queries},
  author={Zhu, Yuke and Zhang, Ce and R{\'e}, Christopher and Fei-Fei, Li},
  journal={arXiv preprint arXiv:1507.05670},
  year={2015}
}
@inproceedings{zhu2017knowledge,
  title={Knowledge acquisition for visual question answering via iterative querying},
  author={Zhu, Yuke and Lim, Joseph J and Fei-Fei, Li},
  booktitle={The IEEE Conference on Computer Vision and Pattern Recognition (CVPR)},
  volume={2},
  number={3},
  year={2017}
}

#ahab,kbvqa
@article{wang2015explicit,
  title={Explicit knowledge-based reasoning for visual question answering},
  author={Wang, Peng and Wu, Qi and Shen, Chunhua and Hengel, Anton van den and Dick, Anthony},
  journal={arXiv preprint arXiv:1511.02570},
  year={2015}
}

#fvqa
@article{wang2017fvqa,
  title={Fvqa: Fact-based visual question answering},
  author={Wang, Peng and Wu, Qi and Shen, Chunhua and Dick, Anthony and van den Hengel, Anton},
  journal={IEEE transactions on pattern analysis and machine intelligence},
  year={2017},
  publisher={IEEE}
}

@inproceedings{wu2016ask,
  title={Ask me anything: Free-form visual question answering based on knowledge from external sources},
  author={Wu, Qi and Wang, Peng and Shen, Chunhua and Dick, Anthony and van den Hengel, Anton},
  booktitle={Proceedings of the IEEE Conference on Computer Vision and Pattern Recognition},
  pages={4622--4630},
  year={2016}
}

@article{wu2017image,
  title={Image captioning and visual question answering based on attributes and external knowledge},
  author={Wu, Qi and Shen, Chunhua and Wang, Peng and Dick, Anthony and van den Hengel, Anton},
  journal={IEEE transactions on pattern analysis and machine intelligence},
  year={2017},
  publisher={IEEE}
}
#KB datasbase
@article{wang2012knowledge,
  title={Knowledge extraction from Chinese wiki encyclopedias},
  author={Wang, Zhi-chun and Wang, Zhi-gang and Li, Juan-zi and Pan, Jeff Z},
  journal={Journal of Zhejiang University SCIENCE C},
  volume={13},
  number={4},
  pages={268--280},
  year={2012},
  publisher={Springer}
}

@inproceedings{wu2010open,
  title={Open information extraction using Wikipedia},
  author={Wu, Fei and Weld, Daniel S},
  booktitle={Proceedings of the 48th annual meeting of the association for computational linguistics},
  pages={118--127},
  year={2010},
  organization={Association for Computational Linguistics}
}

@article{vrandevcic2014wikidata,
  title={Wikidata: a free collaborative knowledgebase},
  author={Vrande{\v{c}}i{\'c}, Denny and Kr{\"o}tzsch, Markus},
  journal={Communications of the ACM},
  volume={57},
  number={10},
  pages={78--85},
  year={2014},
  publisher={ACM}
}

@article{hoffart2013yago2,
  title={YAGO2: A spatially and temporally enhanced knowledge base from Wikipedia},
  author={Hoffart, Johannes and Suchanek, Fabian M and Berberich, Klaus and Weikum, Gerhard},
  journal={Artificial Intelligence},
  volume={194},
  pages={28--61},
  year={2013},
  publisher={Elsevier}
}

@inproceedings{mahdisoltani2013yago3,
  title={Yago3: A knowledge base from multilingual wikipedias},
  author={Mahdisoltani, Farzaneh and Biega, Joanna and Suchanek, Fabian M},
  booktitle={CIDR},
  year={2013}
}

@inproceedings{banko2007open,
  title={Open information extraction from the web.},
  author={Banko, Michele and Cafarella, Michael J and Soderland, Stephen and Broadhead, Matthew and Etzioni, Oren},
  booktitle={IJCAI},
  volume={7},
  pages={2670--2676},
  year={2007}
}

@inproceedings{fader2011identifying,
  title={Identifying relations for open information extraction},
  author={Fader, Anthony and Soderland, Stephen and Etzioni, Oren},
  booktitle={Proceedings of the conference on empirical methods in natural language processing},
  pages={1535--1545},
  year={2011},
  organization={Association for Computational Linguistics}
}

@inproceedings{bollacker2008freebase,
  title={Freebase: a collaboratively created graph database for structuring human knowledge},
  author={Bollacker, Kurt and Evans, Colin and Paritosh, Praveen and Sturge, Tim and Taylor, Jamie},
  booktitle={Proceedings of the 2008 ACM SIGMOD international conference on Management of data},
  pages={1247--1250},
  year={2008},
  organization={AcM}
}

@inproceedings{suchanek2007yago,
  title={Yago: a core of semantic knowledge},
  author={Suchanek, Fabian M and Kasneci, Gjergji and Weikum, Gerhard},
  booktitle={Proceedings of the 16th international conference on World Wide Web},
  pages={697--706},
  year={2007},
  organization={ACM}
}

@incollection{auer2007dbpedia,
  title={Dbpedia: A nucleus for a web of open data},
  author={Auer, S{\"o}ren and Bizer, Christian and Kobilarov, Georgi and Lehmann, Jens and Cyganiak, Richard and Ives, Zachary},
  booktitle={The semantic web},
  pages={722--735},
  year={2007},
  publisher={Springer}
}
#knowledge_base-end

#review-begin
@article{kafle2017visual,
  title={Visual question answering: Datasets, algorithms, and future challenges},
  author={Kafle, Kushal and Kanan, Christopher},
  journal={Computer Vision and Image Understanding},
  volume={163},
  pages={3--20},
  year={2017},
  publisher={Elsevier}
}

#VQA database
@inproceedings{antol2015vqa,
  title={Vqa: Visual question answering},
  author={Antol, Stanislaw and Agrawal, Aishwarya and Lu, Jiasen and Mitchell, Margaret and Batra, Dhruv and Lawrence Zitnick, C and Parikh, Devi},
  booktitle={Proceedings of the IEEE international conference on computer vision},
  pages={2425--2433},
  year={2015}
}
#review-end

#caption-database-start
#Flickr8k
@article{hodosh2013framing,
  title={Framing image description as a ranking task: Data, models and evaluation metrics},
  author={Hodosh, Micah and Young, Peter and Hockenmaier, Julia},
  journal={Journal of Artificial Intelligence Research},
  volume={47},
  pages={853--899},
  year={2013}
}
#Flickr30k
@article{young2014image,
  title={From image descriptions to visual denotations: New similarity metrics for semantic inference over event descriptions},
  author={Young, Peter and Lai, Alice and Hodosh, Micah and Hockenmaier, Julia},
  journal={Transactions of the Association for Computational Linguistics},
  volume={2},
  pages={67--78},
  year={2014}
}
#MS COCO
@inproceedings{lin2014microsoft,
  title={Microsoft coco: Common objects in context},
  author={Lin, Tsung-Yi and Maire, Michael and Belongie, Serge and Hays, James and Perona, Pietro and Ramanan, Deva and Doll{\'a}r, Piotr and Zitnick, C Lawrence},
  booktitle={European conference on computer vision},
  pages={740--755},
  year={2014},
  organization={Springer}
}
#caption-database-end
#attention-start
@article{chen2015abc,
  title={ABC-CNN: An attention based convolutional neural network for visual question answering},
  author={Chen, Kan and Wang, Jiang and Chen, Liang-Chieh and Gao, Haoyuan and Xu, Wei and Nevatia, Ram},
  journal={arXiv preprint arXiv:1511.05960},
  year={2015}
}

@incollection{NIPS2015_5847,
  title = {Attention-Based Models for Speech Recognition},
  author = {Chorowski, Jan K and Bahdanau, Dzmitry and Serdyuk, Dmitriy and Cho, Kyunghyun and Bengio, Yoshua},
  booktitle = {Advances in Neural Information Processing Systems 28},
  editor = {C. Cortes and N. D. Lawrence and D. D. Lee and M. Sugiyama and R. Garnett},
  pages = {577--585},
  year = {2015},
  publisher = {Curran Associates, Inc.},
  url = {http://papers.nips.cc/paper/5847-attention-based-models-for-speech-recognition.pdf}
}

@inproceedings{lu2017knowing,
  title={Knowing when to look: Adaptive attention via a visual sentinel for image captioning},
  author={Lu, Jiasen and Xiong, Caiming and Parikh, Devi and Socher, Richard},
  booktitle={Proceedings of the IEEE Conference on Computer Vision and Pattern Recognition (CVPR)},
  volume={6},
  pages={2},
  year={2017}
}

@inproceedings{li2017image,
  title={Image Caption with Global-Local Attention.},
  author={Li, Linghui and Tang, Sheng and Deng, Lixi and Zhang, Yongdong and Tian, Qi},
  booktitle={AAAI},
  pages={4133--4139},
  year={2017}
}

@inproceedings{wu2017global,
  title={Global-local feature attention network with reranking strategy for image caption generation},
  author={Wu, Jie and Xie, Siya and Shi, Xinbao and Chen, Yaowen},
  booktitle={CCF Chinese Conference on Computer Vision},
  pages={157--167},
  year={2017},
  organization={Springer}
}

@ARTICLE{7243334, 
  author={K. Cho and A. Courville and Y. Bengio}, 
  journal={IEEE Transactions on Multimedia}, 
  title={Describing Multimedia Content Using Attention-Based Encoder-Decoder Networks}, 
  year={2015}, 
  volume={17}, 
  number={11}, 
  pages={1875-1886}, 
  keywords={learning (artificial intelligence);multimedia systems;recurrent neural nets;multimedia content;attention-based encoder-decoder networks;deep neural networks;machine translation;image caption generation;video clip description;speech recognition;gated recurrent neural networks;convolutional neural networks;Context;Decoding;Context modeling;Computational modeling;Recurrent neural networks;Mathematical model;Attention mechanism;deep learning;recurrent neural networks}, 
  doi={10.1109/TMM.2015.2477044}, 
  ISSN={1520-9210}, 
  month={Nov},}

@incollection{NIPS2010_4089,
  title = {Learning to combine foveal glimpses with a third-order Boltzmann machine},
  author = {Larochelle, Hugo and Hinton, Geoffrey E},
  booktitle = {Advances in Neural Information Processing Systems 23},
  editor = {J. D. Lafferty and C. K. I. Williams and J. Shawe-Taylor and R. S. Zemel and A. Culotta},
  pages = {1243--1251},
  year = {2010},
  publisher = {Curran Associates, Inc.},
  url = {http://papers.nips.cc/paper/4089-learning-to-combine-foveal-glimpses-with-a-third-order-boltzmann-machine.pdf}
  }

@article{denil2012learning,
  title={Learning where to attend with deep architectures for image tracking},
  author={Denil, Misha and Bazzani, Loris and Larochelle, Hugo and de Freitas, Nando},
  journal={Neural computation},
  volume={24},
  number={8},
  pages={2151--2184},
  year={2012},
  publisher={MIT Press}
}

@inproceedings{xu2015show,
  title={Show, attend and tell: Neural image caption generation with visual attention},
  author={Xu, Kelvin and Ba, Jimmy and Kiros, Ryan and Cho, Kyunghyun and Courville, Aaron and Salakhudinov, Ruslan and Zemel, Rich and Bengio, Yoshua},
  booktitle={International conference on machine learning},
  pages={2048--2057},
  year={2015}
}

@inproceedings{mnih2014recurrent,
  title={Recurrent models of visual attention},
  author={Mnih, Volodymyr and Heess, Nicolas and Graves, Alex and others},
  booktitle={Advances in neural information processing systems},
  pages={2204--2212},
  year={2014}
}

@article{bahdanau2014neural,
  title={Neural machine translation by jointly learning to align and translate},
  author={Bahdanau, Dzmitry and Cho, Kyunghyun and Bengio, Yoshua},
  journal={arXiv},
  volume={11},
  pages={arXiv--1409},
  year={2014}
}
#attention-end

#other-begin

@article{rajpurkar2016squad,
  title={Squad: 100,000+ questions for machine comprehension of text},
  author={Rajpurkar, Pranav and Zhang, Jian and Lopyrev, Konstantin and Liang, Percy},
  journal={arXiv preprint arXiv:1606.05250},
  year={2016}
}
@inproceedings{sun2017revisiting,
  title={Revisiting unreasonable effectiveness of data in deep learning era},
  author={Sun, Chen and Shrivastava, Abhinav and Singh, Saurabh and Gupta, Abhinav},
  booktitle={Computer Vision (ICCV), 2017 IEEE International Conference on},
  pages={843--852},
  year={2017},
  organization={IEEE}
}
#Imagenet
@inproceedings{deng2009imagenet,
  title={Imagenet: A large-scale hierarchical image database},
  author={Deng, Jia and Dong, Wei and Socher, Richard and Li, Li-Jia and Li, Kai and Fei-Fei, Li},
  booktitle={Computer Vision and Pattern Recognition, 2009. CVPR 2009. IEEE Conference on},
  pages={248--255},
  year={2009},
  organization={Ieee}
}
#MNIST
@article{lecun1998mnist,
  title={The MNIST database of handwritten digits},
  author={LeCun, Yann},
  journal={http://yann. lecun. com/exdb/mnist/},
  year={1998}
}
#virtual turing test
@article{geman2015visual,
  title={Visual turing test for computer vision systems},
  author={Geman, Donald and Geman, Stuart and Hallonquist, Neil and Younes, Laurent},
  journal={Proceedings of the National Academy of Sciences},
  pages={201422953},
  year={2015},
  publisher={National Acad Sciences}
}
@article{ramakrishnan2017empirical,
  title={An Empirical Evaluation of Visual Question Answering for Novel Objects},
  author={Ramakrishnan, Santhosh K and Pal, Ambar and Sharma, Gaurav and Mittal, Anurag},
  journal={arXiv preprint arXiv:1704.02516},
  year={2017}
}


@inproceedings{noh2016image,
  title={Image question answering using convolutional neural network with dynamic parameter prediction},
  author={Noh, Hyeonwoo and Hongsuck Seo, Paul and Han, Bohyung},
  booktitle={Proceedings of the IEEE conference on computer vision and pattern recognition},
  pages={30--38},
  year={2016}
}

@article{malinowski2014towards,
  title={Towards a visual turing challenge},
  author={Malinowski, Mateusz and Fritz, Mario},
  journal={arXiv preprint arXiv:1410.8027},
  year={2014}
}
#vggnet
@article{simonyan2014very,
  title={Very deep convolutional networks for large-scale image recognition},
  author={Simonyan, Karen and Zisserman, Andrew},
  journal={arXiv preprint arXiv:1409.1556},
  year={2014}
}

@inproceedings{he2016deep,
  title={Deep residual learning for image recognition},
  author={He, Kaiming and Zhang, Xiangyu and Ren, Shaoqing and Sun, Jian},
  booktitle={Proceedings of the IEEE conference on computer vision and pattern recognition},
  pages={770--778},
  year={2016}
}

@InProceedings{Szegedy_2015_CVPR,
  author = {Szegedy, Christian and Liu, Wei and Jia, Yangqing and Sermanet, Pierre and Reed, Scott and Anguelov, Dragomir and Erhan, Dumitru and Vanhoucke, Vincent and Rabinovich, Andrew},
  title = {Going Deeper With Convolutions},
  booktitle = {The IEEE Conference on Computer Vision and Pattern Recognition (CVPR)},
  month = {June},
  year = {2015}
}
#BOW+CNN
@article{zhou2015simple,
  title={Simple baseline for visual question answering},
  author={Zhou, Bolei and Tian, Yuandong and Sukhbaatar, Sainbayar and Szlam, Arthur and Fergus, Rob},
  journal={arXiv preprint arXiv:1512.02167},
  year={2015}
}

@inproceedings{malinowski2015ask,
  title={Ask your neurons: A neural-based approach to answering questions about images},
  author={Malinowski, Mateusz and Rohrbach, Marcus and Fritz, Mario},
  booktitle={Proceedings of the IEEE international conference on computer vision},
  pages={1--9},
  year={2015}
}

@inproceedings{ma2016learning,
  title={Learning to Answer Questions from Image Using Convolutional Neural Network.},
  author={Ma, Lin and Lu, Zhengdong and Li, Hang},
  booktitle={AAAI},
  volume={3},
  number={7},
  pages={16},
  year={2016}
}

@inproceedings{saito2017dualnet,
  title={Dualnet: Domain-invariant network for visual question answering},
  author={Saito, Kuniaki and Shin, Andrew and Ushiku, Yoshitaka and Harada, Tatsuya},
  booktitle={Multimedia and Expo (ICME), 2017 IEEE International Conference on},
  pages={829--834},
  year={2017},
  organization={IEEE}
}

@article{lassila1997resource,
  title={Resource Description Framework (RDF) Model and Syntax Specification},
  author={Lassila, Ora and Swick, RR},
  journal={W3C (MIT, INRIA, Keio)},
  pages={1--39},
  year={1997}
}

@book{akerkar2010knowledge,
  title={Knowledge-based systems},
  author={Akerkar, Rajendra and Sajja, Priti},
  year={2010},
  publisher={Jones \& Bartlett Publishers}
}

@inproceedings{smith1981multibase,
  title={Multibase: integrating heterogeneous distributed database systems},
  author={Smith, John Miles and Bernstein, Philip A and Dayal, Umeshwar and Goodman, Nathan and Landers, Terry and Lin, Ken WT and Wong, Eugene},
  booktitle={Proceedings of the May 4-7, 1981, national computer conference},
  pages={487--499},
  year={1981},
  organization={ACM}
}

@inproceedings{wiederhold1993intelligent,
  title={Intelligent integration of information},
  author={Wiederhold, Gio},
  booktitle={ACM SIGMOD Record},
  volume={22},
  number={2},
  pages={434--437},
  year={1993},
  organization={ACM}
}

@article{subrahmanian1994amalgamating,
  title={Amalgamating knowledge bases},
  author={Subrahmanian, Venkatramanan Siva},
  journal={ACM Transactions on Database Systems (TODS)},
  volume={19},
  number={2},
  pages={291--331},
  year={1994},
  publisher={ACM}
}

@book{nirenburg1994machine,
  title={Machine translation: A knowledge-based approach},
  author={Nirenburg, Sergei and Carbonell, Jaime and Tomita, Masaru and Goodman, Kenneth},
  year={1994},
  publisher={Morgan Kaufmann Publishers Inc.}
}

@inproceedings{knight1993building,
  title={Building a large ontology for machine translation},
  author={Knight, Kevin},
  booktitle={Proceedings of the workshop on Human Language Technology},
  pages={185--190},
  year={1993},
  organization={Association for Computational Linguistics}
}

@inproceedings{hermjakob2000knowledge,
  title={Knowledge-based question answering},
  author={Hermjakob, Ulf and Hovy, Eduard H and Lin, Chin-Yew},
  booktitle={Proceedings of the Sixth World Multiconference on Systems, Cybernetics, and Informatics (SCI-2002)},
  year={2000}
}

@article{burke1997question,
  title={Question answering from frequently asked question files: Experiences with the faq finder system},
  author={Burke, Robin D and Hammond, Kristian J and Kulyukin, Vladimir and Lytinen, Steven L and Tomuro, Noriko and Schoenberg, Scott},
  journal={AI magazine},
  volume={18},
  number={2},
  pages={57},
  year={1997}
}

@article{miller1995wordnet,
  title={WordNet: a lexical database for English},
  author={Miller, George A},
  journal={Communications of the ACM},
  volume={38},
  number={11},
  pages={39--41},
  year={1995},
  publisher={ACM}
}

@article{alani2003automatic,
  title={Automatic ontology-based knowledge extraction from web documents},
  author={Alani, Harith and Kim, Sanghee and Millard, David E and Weal, Mark J and Hall, Wendy and Lewis, Paul H and Shadbolt, Nigel R},
  journal={IEEE Intelligent Systems},
  volume={18},
  number={1},
  pages={14--21},
  year={2003},
  publisher={IEEE}
}

@inproceedings{embley1998ontology,
  title={Ontology-based extraction and structuring of information from data-rich unstructured documents},
  author={Embley, David W and Campbell, Douglas M and Smith, Randy D and Liddle, Stephen W},
  booktitle={Proceedings of the seventh international conference on Information and knowledge management},
  pages={52--59},
  year={1998},
  organization={ACM}
}

@inproceedings{rinaldi2002towards,
  title={Towards Answer Extraction: An Application to Technical Domains},
  author={Rinaldi, Fabio and Dowdall, James and Hess, Michael and Moll{\'a}, Diego and Schwitter, Rolf},
  booktitle={European Conference on Artificial Intelligence (15th: 2002)},
  volume={21},
  pages={26},
  year={2002}
}

@misc{wikipedia2016,
  title = {DBpedia version 2016-10},
  howpublished = "\url{https://wiki.dbpedia.org/develop/datasets/dbpedia-version-2016-10}",
  year = {2016},
  note = {Accessed: 2016-10-01}
}

@misc{timlinked,
  title = {Linked data},
  author = {Tim Berners-Lee},
  howpublished = "\url{http://www.w3.org/DesignIssues/LinkedData.html}",
  year = {2016}
}

@misc{nli-go,
  title = {NLI-GO DBPedia demo},
  author = {Patrick van Bergen},
  howpublished = "\url{https://wiki.dbpedia.org/projects/nli-go-dbpedia-demo}",
  year = {2018}
}

@article{minsky1974framework,
  title={A framework for representing knowledge},
  author={Minsky, Marvin},
  year={1974}
}

@book{schank2013scripts,
  title={Scripts, plans, goals, and understanding: An inquiry into human knowledge structures},
  author={Schank, Roger C and Abelson, Robert P},
  year={2013},
  publisher={Psychology Press}
}

@inproceedings{zhou2014learning,
  title={Learning deep features for scene recognition using places database},
  author={Zhou, Bolei and Lapedriza, Agata and Xiao, Jianxiong and Torralba, Antonio and Oliva, Aude},
  booktitle={Advances in neural information processing systems},
  pages={487--495},
  year={2014}
}

@article{liu2004conceptnet,
  title={ConceptNet—a practical commonsense reasoning tool-kit},
  author={Liu, Hugo and Singh, Push},
  journal={BT technology journal},
  volume={22},
  number={4},
  pages={211--226},
  year={2004},
  publisher={Springer}
}

@inproceedings{tandon2014webchild,
  title={Webchild: Harvesting and organizing commonsense knowledge from the web},
  author={Tandon, Niket and De Melo, Gerard and Suchanek, Fabian and Weikum, Gerhard},
  booktitle={Proceedings of the 7th ACM international conference on Web search and data mining},
  pages={523--532},
  year={2014},
  organization={ACM}
}

@article{chang2011libsvm,
  title={LIBSVM: a library for support vector machines},
  author={Chang, Chih-Chung and Lin, Chih-Jen},
  journal={ACM transactions on intelligent systems and technology (TIST)},
  volume={2},
  number={3},
  pages={27},
  year={2011},
  publisher={Acm}
}

@inproceedings{le2014distributed,
  title={Distributed representations of sentences and documents},
  author={Le, Quoc and Mikolov, Tomas},
  booktitle={International Conference on Machine Learning},
  pages={1188--1196},
  year={2014}
}

@article{ren2015image,
  title={Image question answering: A visual semantic embedding model and a new dataset},
  author={Ren, Mengye and Kiros, Ryan and Zemel, Richard},
  journal={Proc. Advances in Neural Inf. Process. Syst},
  volume={1},
  number={2},
  pages={5},
  year={2015}
}
#other-end

#ELMo
@inproceedings{Peters:2018,
  author={Peters, Matthew E. and  Neumann, Mark and Iyyer, Mohit and Gardner, Matt and Clark, Christopher and Lee, Kenton and Zettlemoyer, Luke},
  title={Deep contextualized word representations},
  booktitle={Proc. of NAACL},
  year={2018}
}

#mcan
@InProceedings{Yu_2019_CVPR,
author = {Yu, Zhou and Yu, Jun and Cui, Yuhao and Tao, Dacheng and Tian, Qi},
title = {Deep Modular Co-Attention Networks for Visual Question Answering},
booktitle = {The IEEE Conference on Computer Vision and Pattern Recognition (CVPR)},
month = {June},
year = {2019}
}

#GloVe
@inproceedings{pennington2014glove,
  title={Glove: Global vectors for word representation},
  author={Pennington, Jeffrey and Socher, Richard and Manning, Christopher D},
  booktitle={Proceedings of the 2014 conference on empirical methods in natural language processing (EMNLP)},
  pages={1532--1543},
  year={2014}
}

#BERT
@article{DBLP:journals/corr/abs-1810-04805,
  author    = {Jacob Devlin and
               Ming{-}Wei Chang and
               Kenton Lee and
               Kristina Toutanova},
  title     = {{BERT:} Pre-training of Deep Bidirectional Transformers for Language
               Understanding},
  journal   = {CoRR},
  volume    = {abs/1810.04805},
  year      = {2018},
  url       = {http://arxiv.org/abs/1810.04805},
  archivePrefix = {arXiv},
  eprint    = {1810.04805},
  timestamp = {Tue, 30 Oct 2018 20:39:56 +0100},
  biburl    = {https://dblp.org/rec/journals/corr/abs-1810-04805.bib},
  bibsource = {dblp computer science bibliography, https://dblp.org}
}

#word2vec
@inproceedings{mikolov2013distributed,
  title={Distributed representations of words and phrases and their compositionality},
  author={Mikolov, Tomas and Sutskever, Ilya and Chen, Kai and Corrado, Greg S and Dean, Jeff},
  booktitle={Advances in neural information processing systems},
  pages={3111--3119},
  year={2013}
}

#LSA
@article{landauer1998introduction,
  title={An introduction to latent semantic analysis},
  author={Landauer, Thomas K and Foltz, Peter W and Laham, Darrell},
  journal={Discourse processes},
  volume={25},
  number={2-3},
  pages={259--284},
  year={1998},
  publisher={Taylor \& Francis}
}

#DPM
@article{felzenszwalb2009object,
  title={Object detection with discriminatively trained part-based models},
  author={Felzenszwalb, Pedro F and Girshick, Ross B and McAllester, David and Ramanan, Deva},
  journal={IEEE transactions on pattern analysis and machine intelligence},
  volume={32},
  number={9},
  pages={1627--1645},
  year={2009},
  publisher={IEEE}
}

#R-CNN
@inproceedings{girshick2014rich,
  title={Rich feature hierarchies for accurate object detection and semantic segmentation},
  author={Girshick, Ross and Donahue, Jeff and Darrell, Trevor and Malik, Jitendra},
  booktitle={Proceedings of the IEEE conference on computer vision and pattern recognition},
  pages={580--587},
  year={2014}
}

#SSP-Net
@article{he2015spatial,
  title={Spatial pyramid pooling in deep convolutional networks for visual recognition},
  author={He, Kaiming and Zhang, Xiangyu and Ren, Shaoqing and Sun, Jian},
  journal={IEEE transactions on pattern analysis and machine intelligence},
  volume={37},
  number={9},
  pages={1904--1916},
  year={2015},
  publisher={IEEE}
}

#Fast R-CNN
@inproceedings{girshick2015fast,
  title={Fast r-cnn},
  author={Girshick, Ross},
  booktitle={Proceedings of the IEEE international conference on computer vision},
  pages={1440--1448},
  year={2015}
}

#Faster R-CNN
@inproceedings{ren2015faster,
  title={Faster r-cnn: Towards real-time object detection with region proposal networks},
  author={Ren, Shaoqing and He, Kaiming and Girshick, Ross and Sun, Jian},
  booktitle={Advances in neural information processing systems},
  pages={91--99},
  year={2015}
}

#Mask R-CNN
@inproceedings{he2017mask,
  title={Mask r-cnn},
  author={He, Kaiming and Gkioxari, Georgia and Doll{\'a}r, Piotr and Girshick, Ross},
  booktitle={Proceedings of the IEEE international conference on computer vision},
  pages={2961--2969},
  year={2017}
}

#YOLO
@inproceedings{redmon2016you,
  title={You only look once: Unified, real-time object detection},
  author={Redmon, Joseph and Divvala, Santosh and Girshick, Ross and Farhadi, Ali},
  booktitle={Proceedings of the IEEE conference on computer vision and pattern recognition},
  pages={779--788},
  year={2016}
}

#imagenet
@article{russakovsky2015imagenet,
  title={Imagenet large scale visual recognition challenge},
  author={Russakovsky, Olga and Deng, Jia and Su, Hao and Krause, Jonathan and Satheesh, Sanjeev and Ma, Sean and Huang, Zhiheng and Karpathy, Andrej and Khosla, Aditya and Bernstein, Michael and others},
  journal={International journal of computer vision},
  volume={115},
  number={3},
  pages={211--252},
  year={2015},
  publisher={Springer}
}

#transformer
@incollection{NIPS2017_7181,
title = {Attention is All you Need},
author = {Vaswani, Ashish and Shazeer, Noam and Parmar, Niki and Uszkoreit, Jakob and Jones, Llion and Gomez, Aidan N and Kaiser, \L ukasz and Polosukhin, Illia},
booktitle = {Advances in Neural Information Processing Systems 30},
editor = {I. Guyon and U. V. Luxburg and S. Bengio and H. Wallach and R. Fergus and S. Vishwanathan and R. Garnett},
pages = {5998--6008},
year = {2017},
publisher = {Curran Associates, Inc.},
url = {http://papers.nips.cc/paper/7181-attention-is-all-you-need.pdf}
}

@article{haykin2004comprehensive,
  title={A comprehensive foundation},
  author={Haykin, Simon and Network, Neural},
  journal={Neural networks},
  volume={2},
  number={2004},
  pages={41},
  year={2004}
}

#GNN
@article{scarselli2008graph,
  title={The graph neural network model},
  author={Scarselli, Franco and Gori, Marco and Tsoi, Ah Chung and Hagenbuchner, Markus and Monfardini, Gabriele},
  journal={IEEE Transactions on Neural Networks},
  volume={20},
  number={1},
  pages={61--80},
  year={2008},
  publisher={IEEE}
}

@article{bruna2013spectral,
  title={Spectral networks and locally connected networks on graphs},
  author={Bruna, Joan and Zaremba, Wojciech and Szlam, Arthur and LeCun, Yann},
  journal={arXiv preprint arXiv:1312.6203},
  year={2013}
}

#GCN
@article{kipf2016semi,
  title={Semi-supervised classification with graph convolutional networks},
  author={Kipf, Thomas N and Welling, Max},
  journal={arXiv preprint arXiv:1609.02907},
  year={2016}
}

#TransE
@inproceedings{bordes2013translating,
  title={Translating embeddings for modeling multi-relational data},
  author={Bordes, Antoine and Usunier, Nicolas and Garcia-Duran, Alberto and Weston, Jason and Yakhnenko, Oksana},
  booktitle={Advances in neural information processing systems},
  pages={2787--2795},
  year={2013}
}

#2017winner
@inproceedings{teney2018tips,
  title={Tips and tricks for visual question answering: Learnings from the 2017 challenge},
  author={Teney, Damien and Anderson, Peter and He, Xiaodong and Van Den Hengel, Anton},
  booktitle={Proceedings of the IEEE Conference on Computer Vision and Pattern Recognition},
  pages={4223--4232},
  year={2018}
}

#spotlight
@inproceedings{isem2013daiber,
  title = {Improving Efficiency and Accuracy in Multilingual Entity Extraction},
  author = {Joachim Daiber and Max Jakob and Chris Hokamp and Pablo N. Mendes},
  year = {2013},
  booktitle = {Proceedings of the 9th International Conference on Semantic Systems (I-Semantics)}
}

#spotlight
@inproceedings{mendes2011dbpedia,
  title={DBpedia spotlight: shedding light on the web of documents},
  author={Mendes, Pablo N and Jakob, Max and Garc{\'\i}a-Silva, Andr{\'e}s and Bizer, Christian},
  booktitle={Proceedings of the 7th international conference on semantic systems},
  pages={1--8},
  year={2011}
}

@inproceedings{han2011generative,
  title={A generative entity-mention model for linking entities with knowledge base},
  author={Han, Xianpei and Sun, Le},
  booktitle={Proceedings of the 49th Annual Meeting of the Association for Computational Linguistics: Human Language Technologies-Volume 1},
  pages={945--954},
  year={2011},
  organization={Association for Computational Linguistics}
}

#mcb
@article{fukui2016multimodal,
  title={Multimodal compact bilinear pooling for visual question answering and visual grounding},
  author={Fukui, Akira and Park, Dong Huk and Yang, Daylen and Rohrbach, Anna and Darrell, Trevor and Rohrbach, Marcus},
  journal={arXiv preprint arXiv:1606.01847},
  year={2016}
}

#se
@article{bordes2014semantic,
  title={A semantic matching energy function for learning with multi-relational data},
  author={Bordes, Antoine and Glorot, Xavier and Weston, Jason and Bengio, Yoshua},
  journal={Machine Learning},
  volume={94},
  number={2},
  pages={233--259},
  year={2014},
  publisher={Springer}
}

#SME
@inproceedings{bordes2011learning,
  title={Learning structured embeddings of knowledge bases},
  author={Bordes, Antoine and Weston, Jason and Collobert, Ronan and Bengio, Yoshua},
  booktitle={Twenty-Fifth AAAI Conference on Artificial Intelligence},
  year={2011}
}
